% -*- coding: utf-8 -*-
%
% Copyright © 2012-2016 Philipp Büttgenbach
%
% This file is part of ulphi, a CAE tool and library for
% computing electromagnetic fields.
%
% Permission is granted to copy, distribute and/or modify this
% document under the terms of the \gls{gnu} Free Documentation
% License, Version 1.3 or any later version published by the Free
% Software Foundation; with no Invariant Sections, no Front-Cover
% Texts, and no Back-Cover Texts.  A copy of the license is included
% in the section entitled GNU Free Documentation License.
%

@Online{Wikipedia:Newton,
  organization = {Wikimedia Deutschland},
  title =	 {Newton-Verfahren},
  urldate =	 {2012-08-02},
  url =		 {http://de.wikipedia.org/wiki/Newton-Verfahren}
}

@Manual{Cogent:NOFP,
  title =	 {Electrical Steel},
  subtitle =	 {Non oriented -- Fully processed},
  organization = {Cogent Power Ltd.},
  location =	 {Newport (UK)},
  year =	 {2002}
}

@Patent{CN201741535U,
  author =	 {Kaixuan Xu},
  title =	 {Stereo-triangular wound core power transformer with
                  voltage class more than or equal to
                  \unit{110}{\kilo\volt}},
  number =	 {CN20102213476U},
  year =	 {2011},
}

@Patent{CH1884,
  author =	 {Michael {von Dolivo-Dobrowolsky}},
  title =	 {\foreignlanguage{ngerman}{Neuerungen an elektrischen
                  Transformatoren}},
  number =	 {CH1884},
  year =	 {1890}
}

@Patent{US2344294A,
  author =	 {Thomas M. Evans},
  title =	 {Electromagnetic Induction Apparatus},
  number =	 {US2344294A},
  year =	 {1944},
  date =	 {1944-03-14}
}

@online{TEAM,
  title =	 {Testing Electromagnetic Analysis Methods (T.E.A.M.)},
  url =		 {http://www.compumag.org/jsite/team.html},
  organization = {International Compumag Society},
  urldate =	 {2012-07-18}
}

@standard{ISO14882,
  Key =		 {ISO 14882},
  publisher =	 {International Organization for Standardization},
  location =	 {Genova, Switzerland},
  type =	 {Standard},
  title =	 {Information technology -- Programming languages --
                  C++},
  number =	 {ISO/IEC 14882:2011-09},
  year =	 {2011},
}

@Patent{US2431128A,
  author =	 {Edwin A. Link},
  title =	 {Three Phase Transformer},
  number =	 {US2431128A},
  year =	 {1947},
  date =	 {1947-11-18}
}

@Patent{US2458052,
  author =	 {Chester W. Brown},
  title =	 {Three Phase Transformer Construction},
  number =	 {US2458052},
  year =	 {1949},
  date =	 {1949-01-04}
}

@Manual{GMMpp,
  author =	 {Yves Renard},
  title =	 {Getfem++},
  subtitle =	 {Gmm++ user documentation},
  version =	 {4.1.1},
  date =	 {2012-02-07},
  url =
                  {http://download.gna.org/getfem/html/homepage/gmm.html},
}

@Book{GoF:1995,
  author =	 {Erich Gamma and Richard Helm and Ralph Johnson and
                  John Vlissides},
  title =	 {Design Patterns: Elements of Reusable
                  Object-Oriented Software},
  publisher =	 {Addison-Wesley},
  year =	 {1997},
  series =	 {Addison-Wesley professional computing series},
  location =	 {Reading, Massachusetts and Harlow, England and Menlo
                  Park, California and Berkley, California and Don
                  Mills, Ontario and Sydney and Bonn and Amsterdam and
                  Tokyo and Mexico City},
  edition =	 {12th printing},
  isbn =	 {0-201-63361-2}
}

@Online{Boost,
  editor =       {Beman Dawes and Rene Rivera},
  title =        {Boost C++ Libraries},
  year =         {2008},
  url =          {http://www.boost.org/},
  urldate =      {2012-07-25}
}

@Book{Salon:1995,
  author =	 {Sheppard Joel Salon},
  title = 	 {Finite element analysis of electrical machines},
  publisher = 	 {Kluwer Academic Publishers},
  year = 	 {1995},
  series =	 {The Kluwer international series in engineering and
                  computer science: Power electronics and power
                  systems.},
  location =	 {Boston}
}

@Book{Silvester:1996,
  author =	 {Peter Peet Silvester and Ronald L. Ferrari},
  title =	 {Finite elements for electrical engineers},
  publisher =	 {Cambridge University Press},
  year =	 {1996},
  location =	 {Cambridge and New York and Melbourne},
  edition =	 {third edition},
  isbn =	 {0-521-44953-7}
}

@Article{Weiland:1977,
  author =	 {Thomas Weiland},
  title =	 {\foreignlanguage{ngerman}{Eine Methode zur Lösung
                  der Maxwellschen Gleichungen für sechskomponentige
                  Felder auf diskreter Basis}},
  journal =	 {AEÜ},
  year =	 {1977},
  volume =	 {31},
  number =	 {3},
  pages =	 {116--120}
}

@Unpublished{vanRienen:2010,
  author = 	 {Ursula {van Rienen}},
  title = 	 {Computational Electromagnetics},
  note = 	 {Lecture notes},
  year =	 {2010},
}

@Manual{Cedrat:2006,
  title = 	 {{FLUX®} user's guide},
  organization = {Cedrat},
  address =	 {Meylan},
  month =	 4,
  year =	 2006}

